2150 3674
338 211 364 272 C
377 217 437 278 AR
450 213 483 272 M
497 217 510 274 1
526 215 556 276 Ν
570 223 605 280 Α,
857 223 889 294 i3

123 293 162 350 Ut
171 290 258 350 Fama
270 289 364 350 laetum
373 293 500 352 nuntium
512 311 619 354 mutum
636 295 709 358 rubia
803 325 806 332 ²

93 365 138 428 De
152 373 282 431 vaticani
291 373 438 450 publicavit
453 377 571 434 vertice:

93 451 184 511 Statim
194 471 245 532 per
259 469 339 511 auras
353 455 464 513 Francia
474 472 571 512 aurato
588 453 676 516 adfuit

93 531 199 591 Portata
210 550 303 589 curru.
327 534 399 590 uenit
412 538 440 590 ει
456 535 570 592 Polonia

94 614 185 694 Raptis
196 605 316 693 tyranno
327 612 457 674 Thracia
466 614 539 694 bigis
555 611 664 674 vehens.

93 693 205 766 lunxere
216 691 344 763 dextrae,
359 709 441 776 aeque
454 711 580 753 mutuum
590 691 682 756 oscula

87 776 341 833 ‘Testataamotem
356 780 432 834 Tum
444 774 518 854 prior
528 792 585 856 qua
597 772 712 838 fortibus

94 854 150 912 Dat
159 851 296 936 Nympha
305 857 379 934 leges
388 855 516 915 Sarmatis
530 875 538 912 t
556 852 696 935 Qorsum
707 855 866 940 hucpedem

96 933 169 1002 Pers,
179 936 206 991 in
227 935 289 990 uiti
307 933 378 991 unde
389 931 490 993 insueta
502 935 650 1013 gloriatioi

126 1016 175 1071 Cui
187 953 324 1072 Lidiorum
335 1010 371 1072 fic
383 1016 477 1095 regina
494 1016 616 1072 rettulita

97 1091 204 1152 ¹Autistet
215 1136 225 1162 ,
242 1093 319 1150 ostro
330 1093 396 1152 Ptlei
406 1109 516 1152 ornatus
526 1088 611 1164 sacri,

104 1169 327 1254 Etmesuperbam
338 1171 446 1241 reddit,
463 1177 491 1229 δι
508 1172 667 1250 tantop'ubet

105 1253 188 1312 rome
199 1270 278 1336 agere
290 1269 381 1334 grates
390 1252 491 1312 debitas
502 1270 553 1329 pro
568 1271 688 1315 munere.

131 1331 230 1392 Measne
259 1349 351 1400 artes,
368 1347 483 1412 occupat
496 1334 627 1402 rotoma,

100 1409 223 1495 lvieesque
232 1352 337 1471 diruere
347 1429 392 1482 te,
407 1420 487 1472 Soror
498 1424 506 1469 t
519 1414 620 1495 ingrati
630 1429 726 1473 notam

101 1495 182 1549 qur'ts
192 1495 270 1552 animi
286 1491 399 1551 reddere
410 1491 477 1550 dum
492 1510 581 1572 grates
595 1509 678 1550 vetas.

105 1571 173 1627 Natu
183 1591 254 1652 quem
266 1573 373 1654 petivi,
391 1589 470 1653 quem
482 1574 552 1630 meis
568 1569 704 1653 suffragiis

109 1648 206 1708 lndutu
215 1651 349 1710 honorem
364 1655 453 1712 Roma
463 1656 615 1712 uouemo
630 1649 725 1720 dedit,

106 1728 196 1789 Datum
206 1731 277 1790 milri
288 1727 435 1813 profiteor,
452 1738 632 1812 &acceptum
645 1727 713 1790 fero.

103 1809 185 1894 Neque
197 1831 264 1870 vana
282 1813 373 1870 meriti
387 1812 422 1869 est
434 1810 493 1872 hac
505 1813 560 1870 mei
571 1811 691 1888 justatio.

103 1889 167 1968 Quid
180 1895 366 1960 Lunovrcu,
381 1890 487 1972 quid&
501 1888 786 1952 Arrxrunmfavm

103 1971 237 2041 Profuerit,
247 1971 322 2031 haud
336 1975 444 2053 ignoro.
464 1973 643 2054 Quamquam
652 1973 692 2030 nil
701 1987 774 2053 opus

102 2049 259 2121 Pensatione‚
280 2053 320 2110 nil
336 2069 406 2132 opus
416 2049 467 2110 fuit
479 2052 591 2111 ambitu.

100 2129 238 2214 Debitaque
249 2131 355 2190 dudum
372 2147 413 2188 tot
426 2133 487 2192 viri
500 2131 644 2192 virtutibua

103 2206 138 2264 Ni
149 2209 169 2267 se
177 2205 328 2282 obtuliffet,
346 2205 488 2270 erubuiffet
502 2214 633 2290 Purpura.

103 2288 196 2348 Tamen
205 2311 271 2373 ego.
284 2333 309 2350 ..
324 2295 424 2359 Parce,
435 2289 526 2350 Gallia
542 2285 600 2347 infit
610 2329 618 2358 ,
628 2288 750 2370 pluribus
760 2305 770 2346 ε

98 2367 216 2450 Agnosco
225 2390 323 2430 munus
336 2399 344 2440 3
359 2376 386 2426 dt
399 2365 455 2452 ipse
465 2389 520 2428 non
532 2371 568 2428 est
577 2371 733 2428 immemor.

94 2449 139 2508 Sed
150 2451 222 2532 quod
236 2451 362 2532 probauit
372 2449 397 2508 se
409 2451 477 2510 tibi:
498 2450 573 2533 quod
586 2449 692 2510 calculo
755 2488 759 2500 .

95 2529 154 2606 Legi
164 2550 210 2590 tuo
216 2532 367 2613 promeruit
379 2571 387 2598 ,
403 2528 461 2589 hoc
470 2550 534 2590 meo
543 2529 613 2589 mihi

93 2607 202 2670 Afferere
219 2607 328 2692 poffum
342 2614 408 2687 jure.
429 2607 646 2670 CuuCiascilicet

91 2691 167 2771 Qteis
180 2687 207 2748 se
217 2692 344 2771 probavit
354 2689 469 2761 decora,
491 2707 577 2750 mater
589 2690 691 2748 contuli
704 2710 713 2746 τ

92 2773 197 2830 Clarum
210 2772 315 2830 vetusto
332 2765 459 2850 sauguine
478 2775 606 2830 Heroum
616 2785 719 2850 genus,

89 2854 203 2930 Speciem
214 2848 360 2918 decoram,
381 2867 442 2930 quat
463 2869 495 2909 ue
510 2852 651 2930 promittat
662 2848 754 2904 virum

89 2933 277 2999 Constantem,
289 2945 413 3011 apertum
424 2972 432 2999 ,
443 2869 535 2989 deflere
548 2934 574 2986 δι
585 2928 643 2988 ialli
657 2921 779 2986 inscium·

89 3017 110 3069 A
120 3031 162 3070 me
173 3013 220 3070 ille
231 3012 311 3069 fluxit
322 3008 413 3074 vidiuis
427 3012 581 3069 animorum
597 3009 690 3087 lepos.

88 3093 256 3178 Simpleuque
268 3131 278 3163 ,
291 3094 319 3149 ἃ
333 3088 410 3150 uuirt
421 3092 537 3152 comitas
546 3088 602 3150 fuci
614 3103 706 3149 carens
718 3123 729 3152 2
