2142 3686
163 195 200 240 ω
319 183 541 258 Joruurs
569 185 843 266 nonnarum

161 257 315 345 Teslusque
328 264 398 340 vasti
409 281 515 348 tergore
525 267 611 325 leonis
621 271 701 331 latus.
836 325 845 338 ..

162 343 265 406 Urbem
276 342 531 422 superbo'moeniunr
544 365 631 408 tutam
641 355 748 429 ambitu
771 385 799 394 Δ·
852 421 856 426 ,
886 365 888 370 ’

165 425 246 481 Laeva
258 421 356 484 ferebat
368 448 374 483 :
389 428 427 484 ast
438 423 564 507 capacem
577 428 700 489 dextera-

161 513 267 562 Urnam
285 506 434 576 reclinans,
451 505 592 592 spumeum
602 513 685 592 jugia
707 513 781 571 mine

156 583 300 644 vFundebtt
317 605 446 659 amnem;
465 586 529 648 saxa
541 592 588 672 qui
603 611 648 671 per
663 528 754 672 ssiteta
763 633 772 660 ,

161 662 325 804 Scabraspue
339 687 417 748 rupes
430 689 493 727 cum
505 673 583 752 gravi
598 689 689 752 raptus
701 669 787 742 sono,

164 747 259 807 Valles
282 749 452 808 cntebrisirri
475 752 535 810 abst
546 745 673 812 subditas

164 829 256 906 Caput
270 823 323 907 ipse
337 830 440 888 circum
452 768 539 910 sisausa
550 829 639 889 ridens
651 830 761 914 fulgura

163 911 282 989 Unoque
298 925 380 966 tetras
392 952 399 978 ,
416 911 502 970 altero
514 909 612 970 flodus
623 912 690 992 pede

125 1057 129 1061 ι
164 988 301 1057 Calcaus,
314 988 443 1070 probabat
454 986 504 1049 elle
515 989 540 1048 se
552 993 628 1066 Jovis
638 1011 731 1074 genus.

143 1136 145 1141 ¹
205 1070 309 1126 Herois
319 1071 425 1129 animos
435 1073 463 1129 iu
476 1069 552 1132 sabro
563 1073 677 1132 miratus
689 1074 742 1142 est,

160 1145 301 1286 'Aclfoene
315 1151 373 1208 Rex
386 1151 483 1210 invidit
513 1161 546 1211 Et
557 1169 582 1210 te
593 1153 682 1232 gloria

161 1234 207 1286 Ste
220 1245 301 1286 rtrate
311 1271 319 1298 ,
331 1230 419 1312 inquit
429 1274 437 1310 ,
448 1233 549 1293 nobilis
559 1233 643 1312 coepti
653 1247 761 1303 manem

164 1311 226 1368 Nee
235 1308 337 1389 grande
348 1308 432 1369 deerit
442 1315 585 1391 praemium
598 1333 605 1368 e
622 1309 668 1369 sed
678 1311 755 1372 Atho
765 1311 841 1377 suain

164 1388 299 1469 Relinque
311 1384 438 1448 formam.
464 1393 574 1453 Barbari
585 1391 759 1452 *ludibrium

162 1469 254 1526 Ducis
271 1470 391 1528 aemulari
407 1490 500 1530 monte
517 1471 620 1532 violato
636 1472 672 1530 est
692 1470 777 1530 nefas.

163 1549 261 1630 Neque
279 1551 352 1620 mole
366 1554 482 1635 magnus
495 1551 549 1611 dici
563 1551 715 1611 Alexander
728 1552 831 1624 velint,

162 1629 216 1688 Sed
228 1629 330 1688 bellieae
344 1636 409 1690 artis
421 1634 528 1718 gloria,
541 1637 568 1688 &
587 1629 737 1704 villorum

165 1711 242 1788 Quas
255 1709 368 1768 Caucasi
382 1731 475 1780 arces,
489 1717 517 1768 &
534 1715 627 1770 minax
641 1713 726 1770 Tauri
736 1717 855 1794 jugum,

1 1801 3 1872 J
100 1795 101 1800 ’
127 1813 130 1816 ·
164 1784 553 1874 CaptusqueTanais‚atque
570 1789 700 1872 Caspium
718 1811 792 1850 mare

162 1869 315 1950 Nunquam
332 1872 464 1932 tacebunt.
486 1875 557 1930 Haec
572 1871 746 1952 triumphalis
760 1869 832 1930 mihi

162 1951 344 2008 Monumenta
359 1955 446 2011 virtus
455 1949 561 2032 posuit,
573 1950 622 2010 has
634 1953 776 2034 imagines.

203 2107 258 2172 Sed
267 2111 335 2179 ista,
348 2107 480 2178 Macedo,
494 2130 554 2194 quae
565 2107 676 2193 superb&
689 2111 832 2186 venditas,

162 2193 242 2271 Qiot
255 2190 326 2249 heul
341 2188 463 2272 trophaea
476 2193 542 2250 stant
554 2193 639 2250 ruinis
657 2191 782 2263 urbium,

162 2273 273 2353 Quotve
283 2274 450 2352 populorum
462 2271 546 2330 tinsla
557 2268 616 2330 sunt
628 2274 778 2333 cruoribus.

158 2355 296 2432 Captivus
308 2343 407 2416 Oriens
420 2351 512 2421 clade,
525 2351 571 2410 sub
584 2349 686 2410 Bacchi
698 2356 817 2420 aemulo,

160 2435 296 2490 Graviore
311 2425 413 2512 pressus
428 2435 540 2513 gemuit.
565 2427 676 2514 Assyrio
693 2431 800 2492 horruit

160 2513 272 2576 Rubete
280 2514 372 2594 Tigris
386 2508 521 2592 sanguine.
550 2513 664 2593 Egypti
677 2515 752 2572 mala

160 2585 286 2672 Steslar'e
297 2589 404 2672 fugiens
416 2593 497 2664 Nilus
510 2595 629 2651 occuluit
642 2611 731 2672 caput.

157 2671 246 2734 Dedit
259 2665 410 2752 sepulerum
426 2669 529 2732 civibus
543 2671 665 2754 Babylon
680 2669 753 2734 suis:

158 2760 191 2812 Et
202 2755 272 2810 inter
284 2751 368 2813 undas'
383 2753 494 2814 flamma
504 2749 649 2812 consumsit
661 2755 789 2833 Tyrium.

158 2840 265 2914 Ergone
278 2823 378 2889 nomsn
390 2831 433 2892 his
445 2835 600 2894 Alexandro
613 2835 701 2912 placet

159 2912 383 2975 ornaretitulist
402 2909 700 2990 Orbisexscidiojurat
727 2915 729 2920 ’

182 3051 522 3155 §mner'nthonperfqdiu
606 3145 612 3155 ¹
693 3149 697 3157 ,
