2156 3702
252 231 254 238 Ι
364 153 634 226 CARMINAE

117 227 213 304 'Ambo
228 229 359 320 fugitivi,
377 240 478 378 pallico
494 259 614 300 extorres
625 235 709 314 solo,

112 323 204 382 Exilia
218 315 363 401 quaefivere
393 317 505 402 applicii
525 339 607 380 metu.

112 409 145 462 Et
157 404 229 460 inter
242 391 332 457 hostes
343 443 351 470 ,
363 419 447 482 quam
464 401 580 482 negabat
595 403 708 474 Patria,

113 477 314 542 Calumniandi
332 499 471 561 repperere
492 482 643 540 licentiam.

113 558 187 622 Haec
201 558 248 617 illa
262 578 358 640 nempe
370 567 470 620 Batava
482 562 608 631 libertas,
620 563 677 642 pati

112 642 184 720 (ξω
197 640 275 698 nulla
287 636 363 697 frena
373 644 440 718 juris
452 661 485 701 ac
501 641 595 724 legum
605 642 712 724 potesta

112 713 249 798 injuriosa
264 715 391 801 regibus,
408 721 479 782 bello
496 725 591 782 Deum

114 793 254 860 Lacellere
271 799 358 860 audax
371 802 476 882 impio:
489 799 613 875 fraudes,
625 799 706 863 dolos
713 815 725 872 ‚⁴

115 875 236 939 lucrosa
244 879 312 940 dum
326 879 394 950 sint,
408 885 568 961 approbans.
591 883 689 943 cuneta
699 877 832 946 haercmnr

115 957 244 1022 Portenta
260 964 371 1041 gremio
383 961 472 1026 facilis
486 963 617 1046 amplelli
633 962 692 1026 suo.

120 1177 918 1250 armrorrrrrerrrreurrrrrerr

115 1349 489 1455 TENEBRAE
522 1345 914 1453 DlchssAE.

199 1567 239 1621 Ix
259 1560 336 1638 Joris
348 1557 446 1623 artifici
465 1562 558 1630 dextra
570 1577 739 1622 concreverat
762 1560 836 1622 orbis

194 1643 269 1702 Cum
281 1639 403 1702 deforme
416 1641 519 1714 chaos,
538 1639 634 1702 feralis
647 1661 678 1699 ue
696 1640 805 1701 horrida
818 1655 896 1720 partu

114 1720 180 1779 Nox
191 1721 318 1782 umbram
331 1739 360 1782 ut
374 1724 486 1806 genum
506 1661 709 1802 stygiielimul
729 1723 776 1780 illa
797 1721 919 1778 cavernis

112 1794 212 1859 Emiffa
225 1802 279 1870 est,
302 1801 372 1860 vidit
394 1813 476 1886 quarn
489 1803 611 1883 pulchris
629 1800 713 1860 fidere
728 1801 804 1860 Coeli

119 1879 234 1962 Ignibus
248 1877 390 1952 arderent,
415 1899 445 1940 ur
457 1901 555 1964 purum
568 1899 694 1964 argentea
707 1881 799 1940 lumen

117 1967 277 2044 spargeret,
292 1979 373 2044 atque
384 1981 458 2018 novo
476 1963 592 2022 radiaret
604 1965 631 2020 in
646 1960 744 2020 ethere
755 1961 829 2020 luna.
938 2029 944 2041 Ι
988 1967 993 1978 ’

114 2037 195 2099 Vidit
209 2082 216 2108 ,
230 2045 257 2097 δι
273 2043 382 2101 invidiae
392 2043 507 2102 stimulis
517 2040 627 2102 accensa
639 2041 764 2102 dolorem

112 2119 250 2201 Colligit,
268 2138 349 2205 atque
363 2119 409 2181 sibi
420 2123 521 2180 nullius
538 2121 645 2180 conscia
657 2120 754 2180 forma

112 2201 188 2258 Cum
202 2198 297 2272 foret,
319 2202 465 2262 aetheream
481 2201 567 2260 tendit
589 2221 761 2281 corrumpere
779 2198 879 2256 lucem.
923 2239 925 2244 ,

109 2285 185 2360 Ergo
209 2297 281 2339 atras
307 2283 409 2350 nubes,
428 2279 575 2364 densosque
589 2284 734 2341 immittere
752 2278 846 2338 fumos

113 2360 228 2440 Coepit,
239 2378 268 2418 ut
280 2363 514 2420 affrornrnlaetam
530 2364 646 2443 caligine
659 2359 782 2420 frontem

114 2434 246 2498 Inficeret.
268 2445 377 2524 jamque
386 2438 501 2501 obscuro
517 2445 662 2500 morientia
674 2443 741 2503 caelo

114 2518 206 2578 Sidera
224 2537 284 2577 rara
303 2525 425 2591 micant,
443 2523 586 2606 pallorque
598 2526 720 2605 impurus
734 2519 862 2581 honestos

114 2596 231 2657 suffudit
242 2603 356 2669 vultus,
378 2600 506 2662 ademtis
524 2622 582 2662 atra
598 2605 692 2662 ueneni

111 2679 269 2748 Incumbit,
286 2700 437 2765 moeretqne
460 2685 545 2740 latens
558 2681 605 2743 sub
617 2683 732 2744 nubibus
748 2677 832 2736 aether

111 2757 177 2816 Non
188 2756 280 2817 sortita
290 2763 367 2837 Jovis
384 2779 538 2841 cognomen
551 2763 624 2823 stella
640 2804 648 2832 ,
662 2779 749 2842 neque
766 2757 857 2814 ardlos

115 2836 272 2915 Conspicud
291 2841 404 2900 rutilans
424 2840 536 2900 flammi
545 2883 553 2911 ,
565 2862 620 2900 non
636 2840 731 2900 lucifer
744 2832 800 2919 ipse
815 2837 851 2894 est

101 2917 231 2976 ‘lntadlus
245 2960 252 2984 ,
266 2919 398 3000 stellisque
419 2922 482 2980 licet
495 2941 584 3003 magis
604 2923 731 2981 omnibus
749 2936 818 2976 unus

111 2997 271 3073 Splendeat,
290 3005 317 3055 δι
338 2999 426 3057 nitido
444 3003 532 3059 lucem
551 3001 748 3083 pulcherrimus
767 3017 817 3055 axe

63 3125 64 3132 ,
111 3075 255 3148 Nuncict,
271 3099 333 3140 ecce
353 3098 443 3140 tamen
461 3081 631 3143 tenebrarum
642 3083 843 3220 VlsssuilmPffl'

730 3178 769 3239 ml
