2104 3696
154 221 207 274 150
323 204 834 286 totunrrcountttr
1041 271 1044 292 ,

160 311 976 399 wwwweaaateeuttteu
1044 285 1049 393 ἑ

165 490 322 595 LEO
370 493 651 600 PATRIS·
694 494 979 604 ULTOR.

289 667 291 676 ’
393 687 716 763 'annotat

335 871 809 938 interranum,

232 963 909 1204 Dunuu'tttttut·
991 1123 999 1130 -

168 1261 271 1400 LEo
283 1251 418 1315 Africana
430 1269 484 1312 non
495 1254 562 1314 letis
573 1253 662 1338 plaga
673 1254 776 1326 timor,

236 1330 309 1394 Cum
320 1331 364 1391 san
388 1335 458 1393 uinis
469 1333 595 1415 pertesus
606 1351 634 1394 at
656 1353 688 1394 ue
700 1333 817 1398 coediuttt
827 1376 846 1410 ,.

169 1415 268 1475 Pacem
280 1411 338 1473 dedi
364 1427 390 1473 et
401 1414 475 1472 ultro
486 1411 565 1473 viliis
576 1353 696 1476 hostius
709 1457 718 1487 ,

171 1494 294 1554 Laudem
312 1497 448 1576 aequitatis
460 1495 557 1553 tulerat
573 1500 599 1551 &
615 1495 775 1556 clementioet

168 1571 284 1657 Eiusque
296 1578 346 1634 tuti
359 1571 406 1635 sub
418 1570 469 1634 fide
480 1573 601 1634 errabant
633 1593 708 1658 reges
722 1597 729 1634 ε
795 1589 797 1592 ·
822 1591 825 1598 ¹

169 1653 323 1748 passimque
335 1655 450 1736 pecudes
460 1653 537 1712 dulce
549 1593 680 1716 hauriant
691 1658 789 1723 otium.

208 1735 355 1794 Felicitatis
369 1734 412 1792 scd
425 1733 481 1792 cito
496 1753 615 1793 amentes
629 1733 682 1794 suae

170 1817 313 1906 Paenituit⁴
337 1815 385 1874 Ille
397 1817 473 1890 cujus
483 1814 518 1871 ad
528 1817 640 1896 vestigia

171 1896 245 1954 Ferat
257 1897 373 1972 majores
387 1890 524 1951 sueverant
536 1894 706 1964 tremiscere,

173 1969 314 2056 Cujusque
326 1974 414 2054 pastor
425 1970 534 2055 fulgura
545 1975 805 2046 homuntionem

172 2055 239 2129 Jam
250 2051 350 2113 fracius
362 2055 457 2112 animo
469 2053 622 2136 viribusque
634 2053 761 2115 creditur.

175 2134 540 2215 Interpretantur.lenitatctn
558 2137 703 2194 inertiam:

172 2218 208 2274 Et
220 2213 294 2296 quod
305 2234 403 2274 nocere
413 2214 483 2273 nolit
495 2258 503 2282 ‚
519 2207 592 2296 poffe
604 2229 761 2297 pernegant.

175 2296 256 2356 Hinc
267 2295 416 2364 coitiones,
428 2299 454 2350 &
467 2294 565 2353 secreta
578 2291 699 2363 foedera,
765 2293 769 2298 ’

173 2380 208 2436 Et
219 2371 277 2454 spes
291 2376 409 2433 inustum
420 2373 582 2434 oblim-andi
594 2373 727 2434 dedecus?

216 2452 342 2514 'forvum
360 2452 464 2512 renidet
480 2455 515 2513 ad
532 2455 671 2536 inopinam
687 2475 744 2514 rem
760 2457 835 2518 Leo:

171 2534 329 2616 Jubamque
342 2528 466 2616 quassans
479 2577 487 2604 ,
506 2529 630 2609 Discite,
645 2537 801 2606 temerarii,

177 2611 339 2674 Periculosae.
347 2611 431 2696 quam
443 2611 492 2684 stt,
505 2617 593 2697 inquit
605 2660 613 2688 ,
628 2618 711 2684 alea,

176 2696 310 2754 Nostram
323 2697 583 2777 quietern'rurnpere
595 2725 601 2765 ;
613 2696 648 2755 ad
659 2697 760 2767 bellum
772 2692 854 2755 fimui

178 2776 300 2851 Acuebat
312 2793 425 2855 ungues.
444 2779 500 2835 Cui
514 2779 630 2836 Catulus
642 2776 715 2836 haud
727 2775 863 2860 degener,

178 2859 211 2910 Et
223 2873 269 2933 par
279 2853 356 2914 brevi
370 2852 494 2926 futurus,
514 2859 599 2916 Hunc
609 2879 652 2916 me
667 2853 770 2934 sumere

179 2932 276 2996 Potius
287 2935 406 2996 laborem
417 2978 425 3005 ,
438 2939 467 2994 ni
481 2953 554 2996 vetas
564 2979 572 3005 ,
584 2939 691 3019 inquit,
703 2937 788 2996 decet.

181 3015 298 3074 Hostem
311 3013 339 3073 su
360 3016 453 3075 erbum
468 3016 644 3098 congrediens
656 3017 772 3091 radas,
789 3021 881 3080 Pater.

179 3095 274 3171 Mittor
286 3098 326 3157 ira
337 3037 419 3156 ticeni
429 3100 486 3176 ejus
503 3100 534 3159 in
546 3115 659 3180 poenam
668 3092 742 3176 satis,

395 3239 416 3288 ᾖ
