2142 3686
168 169 223 245 rii·
339 165 557 252 Jonrursrs
583 173 834 236 commrnrr

173 258 369 340 Nequicquam
380 263 525 330 amorum,
538 269 633 311 renerae
646 261 672 311 or
686 255 779 314 uxoris
795 263 922 324 memor‚'

248 337 330 394 Tristi
351 331 511 417 ingemisces
530 353 680 395 murmure.

174 417 253 480 Exire
264 433 313 473 nec
324 417 415 476 licebit
426 457 434 484 ‚
445 416 486 472 ira
499 416 526 472 ni
537 415 632 487 Jovis,

251 495 294 554 nb
305 496 397 576 impiis
415 494 574 557 mortalibus

178 573 320 637 lnuhtaras
338 576 429 656 exigar
441 591 556 652 poenas,
571 569 620 632 suo

255 661 287 716 Et
303 653 416 714 diriores
430 654 565 713 fulmine.
784 717 785 720 Ἴ
1054 641 1055 730 i

179 849 977 984 ermeno-eunooennmomernh

208 1087 301 1168 nn
339 1084 389 1166 n.
417 1083 461 1166 n.
497 1030 955 1182 conumruu,

181 1298 255 1392 Qi
270 1291 309 1366 de
329 1291 477 1390 Zephyri
499 1289 656 1378 uiolentia
674 1343 687 1378 ,
711 1286 791 1364 ehm
809 1289 852 1364 ad
872 1286 981 1364 noros

236 1387 432 1462 Catholicos
449 1385 580 1466 missus,
600 1389 771 1460 Nannetas
786 1411 932 1488 peteret,
1054 1399 1055 1470 ἕ

430 1485 622 1584 conquestus
641 1505 736 1570 erat,
1054 1507 1055 1524 ¹

252 1658 474 1720 zrrurnr
506 1613 923 1724 exuos'runnrro.v

500 1839 705 1908 ODEA

256 2025 356 2088 Dehne
374 2037 465 2082 ratem
480 2013 582 2079 subinu
592 2021 689 2081 invafit
700 2025 793 2100 furor,

304 2113 343 2166 Ur
354 2120 454 2160 numen
464 2096 564 2157 incuset
582 2119 694 2173 meum,

181 2195 214 2248 Et
226 2208 271 2256 me
281 2185 373 2244 vocari
384 2186 439 2254 y'arn
452 2181 604 2240 Favonium
616 2199 695 2264 neget
707 2225 716 2251 ,

261 2258 449 2343 Trucibhsque
466 2260 551 2316 ventis
566 2255 683 2320 inserere

183 2349 242 2406 Cur
252 2365 296 2403 me
312 2341 428 2423 eleganti
444 2342 562 2396 carmine
577 2340 727 2399 innocuum
743 2343 834 2422 petis?

260 2425 346 2482 Heu!
369 2437 476 2480 carmen
490 2419 586 2476 AEolus
598 2435 676 2479 tuum

182 2501 318 2570 Audiuit,
331 2505 359 2556 δι
372 2513 443 2558 nunc
453 2496 572 2555 horridis
584 2500 743 2582 Zephyrum
753 2501 823 2558 locis

257 2573 395 2642 Tenuiffet
409 2574 542 2636 inclusum
558 2575 605 2635 diu
617 2620 626 2649 ,

179 2664 219 2724 Ni
230 2658 307 2721 sciret
318 2657 398 2736 huy'us
411 2677 454 2718 me
466 2650 516 2714 effe
528 2675 627 2738 purum
638 2661 760 2718 criminis
774 2698 783 2727 ,

254 2738 341 2878 ond
357 2756 497 2820 perperam
520 2739 664 2817 exprobras
687 2737 769 2798 mihi.

182 2821 276 2906 Qrem
299 2819 427 2876 aeviorem
441 2835 564 2896 erperrus
575 2835 601 2874 es
615 2820 700 2878 Borei
712 2823 740 2876 &
752 2832 837 2887 noto,

262 2898 308 2958 Ah
322 2901 329 2949 l
349 2895 492 2982 Zephyrus
505 2896 550 2953 ille
560 2914 615 2952 non
625 2893 686 2954 fuit.
847 2952 849 2956 .

185 2975 305 3060 Zephyri
318 2994 382 3044 ora,
401 2976 506 3032 ruitum
518 2971 619 3032 sumere
631 2977 667 3033 est
678 2975 756 3038 ausus
767 2972 833 3047 fibi,

16 3051 18 3112 i
132 3102 135 3106 .
260 3056 312 3118 Sed
325 3053 469 3139 Zephyrus
479 3053 524 3112 ilie
535 3073 591 3113 non
601 3071 665 3117 erar.
