2104 3696
415 179 439 244 R
573 189 609 248 Α.
831 209 867 250 22

374 481 606 548 DIVINUS

157 647 412 748 AMOR
481 645 821 754 PICTOR.

247 855 735 930 FRAGMENTUM.

170 1062 283 1148 Uisquis
295 1067 328 1128 ab
339 1064 392 1125 hac
402 1065 497 1126 oculos
507 1061 610 1125 defixus
620 1067 739 1149 imagine
750 1069 867 1152 pendes;
975 1125 979 1134 .

174 1147 271 1204 Cernis
283 1148 393 1208 Amoris
401 1163 471 1226 opus
482 1188 490 1215 ,
503 1165 559 1204 non
571 1147 621 1205 ulli
634 1149 766 1210 imitabile
776 1151 877 1214 dexttae
889 1181 897 1222 t

14 1233 15 1298 ξ
105 1223 253 1284 Parthafius
266 1227 330 1286 lieet
340 1244 385 1285 aut
397 1223 513 1306 magnus
524 1227 669 1287 contendat
680 1230 789 1311 Apelles

103 1304 208 1365 Artibus
220 1305 263 1364 his
275 1311 351 1388 queis
364 1324 487 1365 naturam
499 1303 526 1365 su
547 1301 628 1367 etaffe
639 1307 780 1385 feruntur,

101 1385 133 1439 Et
160 1384 222 1443 istis
232 1387 301 1445 olim
313 1390 397 1446 vitam
411 1327 547 1466 inspirasti
557 1389 671 1449 tabellis.

101 1402 205 1524 Scilicet
216 1464 271 1546 ipse
283 1467 361 1528 suum
376 1468 485 1527 caelestis
497 1468 589 1526 Pielot
604 1470 634 1525 in
647 1487 703 1528 uno

103 1545 246 1622 Ingenium
261 1545 382 1608 exhausit
396 1547 489 1614 vultu,
502 1551 659 1630 majoraque
670 1542 745 1628 polle

102 1619 254 1706 Desperans
266 1627 339 1686 ultro
351 1629 489 1696 calamos,
502 1629 638 1708 telamque
654 1629 775 1710 reliquit.

137 1705 232 1764 Divus
245 1714 331 1766 Amor
344 1705 438 1791 superb
453 1705 595 1766 Christum
610 1705 743 1787 spellabat
754 1708 788 1769 ab
804 1731 881 1776 aree:

101 1783 153 1844 Sub
168 1785 243 1845 trabe
259 1783 334 1846 ferali
345 1784 514 1870 lapsantem,
527 1805 595 1872 aque
606 1806 679 1870 aegra
692 1787 863 1866 nabentem,

103 1863 283 1948 Qamquam
295 1872 384 1929 multo
399 1885 476 1949 urget
490 1869 599 1948 vestigia
611 1869 719 1929 verbere
733 1869 815 1932 lictor

104 1946 246 2005 barbarus.
270 1948 406 2008 exundant
419 1950 540 2006 laceratis
553 1948 663 2008 artubus
675 1951 777 2010 imbres

77 2029 81 2040 '
102 2027 259 2106 Sanguinei.
276 2032 367 2110 sputis
377 2027 550 2087 concrescunt
562 2028 666 2086 lumina
678 2026 781 2100 foedis,

105 2105 232 2164 Hortent
244 2110 358 2187 implexi
370 2107 455 2168 crude
466 2107 618 2166 diademate
631 2111 730 2178 crines,

102 2185 234 2266 squalida
244 2188 326 2248 barba
337 2185 404 2246 fitu:
421 2203 550 2246 tenetote
562 2185 665 2246 silentia
675 2205 780 2244 moetor

105 2269 173 2328 Vim
186 2263 292 2326 factura
301 2269 386 2348 polo,
400 2273 427 2324 &
442 2267 540 2326 durum
556 2267 657 2326 flexura
670 2282 810 2348 patentem
817 2305 828 2335 ‚

103 2348 130 2404 si
143 2347 251 2406 valeant
266 2345 326 2408 fari.
347 2349 401 2410 Vel
414 2345 449 2408 fic
461 2365 552 2406 tamen
564 2347 610 2407 ille
622 2347 743 2428 placebat
754 2389 765 2418 ,

105 2427 285 2511 Augebatque
297 2426 376 2488 suum
388 2425 466 2490 frons
477 2425 629 2488 deformata
641 2426 778 2486 decorem.
822 2475 827 2484 „

105 2508 190 2564 Certe
207 2510 246 2566 ita
263 2510 346 2569 eredit
362 2517 467 2579 Amor,
481 2528 532 2567 neu
548 2505 579 2566 lit
592 2508 681 2568 brevis
691 2508 739 2568 ista
751 2509 876 2590 voluptas
884 2545 894 2574 ,

106 2585 219 2648 Pictura
234 2585 383 2672 enpreffam
414 2607 472 2649 arat
482 2607 609 2648 aeternare
618 2585 704 2650 fideli.
722 2651 726 2658 ,

71 2727 73 2734 ,
104 2673 181 2748 Ergo
195 2670 328 2732 fulmineo
339 2613 471 2732 delabitur
481 2671 558 2727 ocior
574 2671 637 2749 igne
645 2710 654 2737 ‚

31 2783 33 2786 ·
106 2749 296 2832 Misceturque
309 2747 465 2810 satellitibus
476 2792 484 2818 ‚
495 2767 545 2806 nee
556 2749 675 2806 cernitur
691 2744 752 2806 ulli.

105 2833 140 2885 Et
150 2833 208 2908 jam
222 2831 377 2912 penimlum
391 2824 474 2890 vullis
485 2825 532 2888 fibi
543 2824 643 2887 fecerat
656 2826 706 2885 alis
714 2867 729 2898 ‚.

106 2910 431 2995 spongiajamlaevanr.
453 2951 490 2969 ..
513 2949 520 2965 .
543 2947 580 2970 ·.
613 2949 621 2968 .
654 2951 664 2970 .
